@misc{amazon_ec2,
 title = {{Amazon Elastic Compute Cloud}},
 howpublished = {\url{http://aws.amazon.com/ec2/}}
}

@misc{amazon_s3,
 title = {{Amazon Simple Storage Service}},
 howpublished = {\url{http://aws.amazon.com/s3/}}
}

@misc{gce,
 title = {{Google Cloud Platform - Compute Engine}},
 howpublished = {\url{https://cloud.google.com/compute/}}
}

@misc{hadoopconf,
title = {{Hadoop Cluster Setup}},
howpublished = {\url{http://hadoop.apache.org/docs/r1.2.1/cluster\_setup.html}}
}

@misc{hadoopterasort,
title = {{Hadoop TeraSort}},
howpublished = {\url{https://hadoop.apache.org/docs/r1.2.1/api/org/apache/hadoop/examples/terasort/package-summary.html}}
}

@misc{hadoopgrep,
title = {{Hadoop Grep}},
howpublished = {\url{https://wiki.apache.org/hadoop/Grep}}
}

@misc{hadoopwordcount,
title = {{Hadoop WordCount}},
howpublished = {\url{https://wiki.apache.org/hadoop/WordCount}}
}

@misc{hadooptestdfsio,
title = {{Benchmarking and Stress Testing an Hadoop Cluster with TeraSort, TestDFSIO \& Co.}},
howpublished = {\url{http://www.michael-noll.com/blog/2011/04/09/benchmarking-and-stress-testing-an-hadoop-cluster-with-terasort-testdfsio-nnbench-mrbench/}}
}

@misc{hdfs941,
title = {{Hadoop JIRA HDFS-941}},
howpublished = {\url{https://issues.apache.org/jira/browse/HDFS-941}}
}

@INPROCEEDINGS{wilsonhadoop,
author={Wilson, E.H. and Kandemir, M.T. and Gibson, G.},
booktitle={Distributed Computing Systems (ICDCS), 2014 IEEE 34th International Conference on},
title={Will They Blend?: Exploring Big Data Computation Atop Traditional HPC NAS Storage},
year={2014},
pages={524-534},
keywords={Big Data;data analysis;distributed databases;parallel processing;storage management;Apache Hadoop framework;Big Data analytics;Big Data computation;HPC NAS storage;HPC architectures;HPC storage;Hadoop distributed file system;RainFS;commercial database ad-hoc analytics;data-rich organizations;easy-to-program Hadoop MapReduce framework;function-dedicated resources;high performance computing architectures;massively parallel file systems;network-attached storage;reliable array of independent NAS file system;supercomputing centers;Big data;Computer architecture;Encoding;File systems;Organizations;Reliability;Writing;File Systems;MapReduce;Network Attached Storage},
doi={10.1109/ICDCS.2014.60},
ISSN={1063-6927},
month={June},}

@INPROCEEDINGS{revisitmd,
author={Ali, N. and Devulapalli, A. and Dalessandro, D. and Wyckoff, P. and Sadayappan, P.},
booktitle={Petascale Data Storage Workshop, 2008. PDSW '08. 3rd},
title={Revisiting the metadata architecture of parallel file systems},
year={2008},
pages={1-9},
keywords={meta data;object-oriented databases;parallel databases;high-performance computing;large-scale storage systems;metadata activities;metadata architecture;metadata management;metadata server;object-based storage technology;parallel file systems;Access control;Computer architecture;Computer science;Concurrent computing;Data engineering;File servers;File systems;Interference;Large-scale systems;Supercomputers},
doi={10.1109/PDSW.2008.4811892},
month={Nov},}

@ARTICLE{hadooplustre,
author={Xu, C. and Goldstone, R.J. and Liu, Z. and Chen, H. and Neitzel, B. and Yu, W.},
journal={Parallel and Distributed Systems, IEEE Transactions on},
title={Exploiting Analytics Shipping with Virtualized MapReduce on HPC Backend Storage Servers},
year={2015},
volume={PP},
number={99},
pages={1-1},
keywords={Analytical models;Bandwidth;Computational modeling;Interference;Merging;Servers;Yarn;Analytics Shipping;HPC;Hadoop;Lustre;MapReduce},
doi={10.1109/TPDS.2015.2389262},
ISSN={1045-9219},
month={},}

@INPROCEEDINGS{nakshatra,
author={Kathpal, A. and Yasa, G.A.N.},
booktitle={Modelling, Analysis Simulation of Computer and Telecommunication Systems (MASCOTS), 2014 IEEE 22nd International Symposium on},
title={Nakshatra: Towards Running Batch Analytics on an Archive},
year={2014},
pages={479-482},
keywords={Big Data;data analysis;distributed processing;information retrieval systems;public domain software;scheduling;storage management;Amazon Glacier;Hadoop;Nakshatra;Spectra Logic Black Pearl;analytics tier;archival solutions;archive;batch analytics platforms;batched prefetching technique;batched scheduling technique;data migration;data preservation;data retrieval;long term data retention;offline media;spun down disks;storage silos;tapes;transfer time costs;Computer architecture;Data analysis;Delays;Media;Processor scheduling;Schedules;Servers;Archival storage;Data analytics;Hadoop},
doi={10.1109/MASCOTS.2014.67},
ISSN={1526-7539},
month={Sept},}

@article{vncache,
author = {Balaji Palanisamy and Aameek Singh and Nagapramod Mandagere and Gabriel Alatorre and Ling Liu},
title = {MapReduce Analysis for Cloud-Archived Data},
journal ={2014 14th IEEE/ACM International Symposium on Cluster, Cloud and Grid Computing},
volume = {0},
isbn = {},
year = {2014},
pages = {51-60},
doi = {http://doi.ieeecomputersociety.org/10.1109/CCGrid.2014.13},
publisher = {IEEE Computer Society},
address = {Los Alamitos, CA, USA},
}

@INPROCEEDINGS{supmr,
author={Sevilla, M. and Nassi, I. and Ioannidou, K. and Brandt, S. and Maltzahn, C.},
booktitle={Parallel Distributed Processing Symposium Workshops (IPDPSW), 2014 IEEE International},
title={SupMR: Circumventing Disk and Memory Bandwidth Bottlenecks for Scale-up MapReduce},
year={2014},
pages={1505-1514},
keywords={data handling;parallel processing;disk bottlenecks;ingest chunk pipeline;memory bandwidth bottlenecks;merge bottlenecks;merge optimization;scale-up MapReduce model;Aggregates;Computational modeling;Containers;Instruction sets;Merging;Pipelines;Runtime;applications;architectures;distributed applications;distributed systems;performance measurements},
doi={10.1109/IPDPSW.2014.168},
month={May},}

@inproceedings{chengcast,
 author = {Cheng, Yue and Iqbal, M. Safdar and Gupta, Aayush and Butt, Ali R.},
 title = {CAST: Tiering Storage for Data Analytics in the Cloud},
 booktitle = {Proceedings of the 24th International Symposium on High-Performance Parallel and Distributed Computing},
 series = {HPDC '15},
 year = {2015},
 isbn = {978-1-4503-3550-8},
 location = {Portland, Oregon, USA},
 pages = {45--56},
 numpages = {12},
 url = {http://doi.acm.org/10.1145/2749246.2749252},
 doi = {10.1145/2749246.2749252},
 acmid = {2749252},
 publisher = {ACM},
 address = {New York, NY, USA},
 keywords = {big data analytics, cloud computing, mapreduce, storage tiering},
}

@inproceedings{rupprechtbd,
  title={{Big Data Analytics on Object Stores: A Performance Study}},
  author={Rupprecht, Lukas and Zhang, Rui and Hildebrand, Dean},
  booktitle={SC14: International Conference for High Performance Computing, Networking, Storage and Analysis},
  month={Nov},
  year={2014},
  address={New Orleans, LA, USA}
}

@misc{lustre_with_hadoop,
 title = {{Using Lustre with Apache Hadoop, Sun Microsystems Inc.}},
 howpublished = {\url{http://wiki.lustre.org/images/1/1b/Hadoop\_wp\_v0.4.2.pdf}},
}

@article{idcbigdata,
  title={{The Digital Universe in 2020: Big Data, Bigger Digital Shadows, Biggest Growth in the Far East}},
  author={Gantz, John and Reinsel, David},
  month={Dec},
  year={2012},
  journal={IDC iView: IDC Analyze the Future},
  pages={1--16},
}

@inproceedings{rutman,
  title={{Map/Reduce on Lustre (white paper). Technical report.}},
  author={Rutman, Nathan},
  year={2011},
  publisher={Xyratex Technology Limited},
  address={Havant, UK}
}

@inproceedings{hadoopyarnprogress,
  title={{Progress Report on Efficient Integration of Lustre and Hadoop/YARN}},
  author={Yu, Weikuan and Kulkarni, Omkar},
  year={2014},
  publisher={The Lustre User Group Conference},
  address={Miami, FL, USA},
}

@misc{lustre_web,
 title = {{Lustre}},
 howpublished = {\url{http://wiki.lustre.org/index.php/Main\_Page}},
}

@article{maltzahn2010ceph,
  title   = {{Ceph as a Scalable Alternative to the Hadoop Distributed File System}},
  journal = {{;login::The USENIX Magazine}},
  volume  = {35},
  number  = {4},
  pages   = {38--49},
  year    = {2010},
  month   = {{Aug}},
  author  = {Maltzahn, Carlos and Molina-Estolano, Esteban and Khurana, Amandeep and Nelson, Alex J and Brandt, Scott A and Weil, Sage}
}

@article{shvachko2010hdfs,
  title={{HDFS Scalability: The Limits to Growth}},
  author={Shvachko, Konstantin V},
  journal={;login::The USENIX Magazine},
  volume={35},
  number={2},
  pages={6--16},
  month={Apr},
  year={2010},
  publisher={USENIX Association}
}

@misc{openstack_swift,
    key         = {OpenStack Swift},
    title       = {{Swift}: OpenStack Object Storage},
    note        = {\url{https://wiki.openstack.org/wiki/Swift}},
    year        = 2015
}

@misc{osd3,
 title = {Object-{Based} {Storage} {Devices} - 3 {(OSD-3)}},
 author = {{T10 Technical Committee of the InterNational Committee on
Information Technology Standards}},
 howpublished = {\url{http://www.t10.org/}}
}

@article{Dean:2008:MSD:1327452.1327492,
 author = {Dean, Jeffrey and Ghemawat, Sanjay},
 title = {MapReduce: Simplified Data Processing on Large Clusters},
 journal = {Commun. ACM},
 issue_date = {January 2008},
 volume = {51},
 number = {1},
 month = jan,
 year = {2008},
 issn = {0001-0782},
 pages = {107--113},
 numpages = {7},
 url = {http://doi.acm.org/10.1145/1327452.1327492},
 doi = {10.1145/1327452.1327492},
 acmid = {1327492},
 publisher = {ACM},
 address = {New York, NY, USA},
}

@inproceedings{Sathiamoorthy:2013:XEN:2488335.2488339,
 author = {Sathiamoorthy, Maheswaran and Asteris, Megasthenis and Papailiopoulos, Dimitris and Dimakis, Alexandros G. and Vadali, Ramkumar and Chen, Scott and Borthakur, Dhruba},
 title = {XORing elephants: novel erasure codes for big data},
 booktitle = {Proceedings of the 39th international conference on Very Large Data Bases},
 series = {PVLDB'13},
 year = {2013},
 location = {Trento, Italy},
 pages = {325--336},
 numpages = {12},
 url = {http://dl.acm.org/citation.cfm?id=2488335.2488339},
 acmid = {2488339},
 publisher = {VLDB Endowment},
}

@INPROCEEDINGS{conf/cluster/ChengLMXQRZG12,
author={Zhendong Cheng and Zhongzhi Luan and You Meng and Yijing Xu and Depei Qian and Roy, A. and Ning Zhang and Gang Guan},
booktitle={Cluster Computing Workshops (CLUSTER WORKSHOPS), 2012 IEEE International Conference on},
title={ERMS: An Elastic Replication Management System for HDFS},
year={2012},
pages={32-40},
keywords={disc storage;real-time systems;replicated databases;storage management;ERMS;HDFS;active/standby storage model;complex event processing engine;data popularity;data set streaming;disk utilization;distributed storage system;elastic replication management system;erasure coding parities;hadoop distributed file system;large-scale data set;real-time data type;reliability;replica placement strategy;replicating data;replication policy;storage overhead;Availability;Bandwidth;Cloud computing;Encoding;Real-time systems;Throughput;Elastic;HDFS;Replication Management},
doi={10.1109/ClusterW.2012.25},
month={Sept},}

@MISC{Fan11diskreduce:replication,
    author = {Bin Fan and Wittawat Tantisiriroj and Lin Xiao and Garth Gibson},
    title = {DiskReduce: Replication as a Prelude to Erasure Coding in Data-Intensive Scalable Computing},
    year = {2011}
}

@inproceedings{Ananthanarayanan:2009:CAW:1855533.1855548,
 author = {Ananthanarayanan, Rajagopal and Gupta, Karan and Pandey, Prashant and Pucha, Himabindu and Sarkar, Prasenjit and Shah, Mansi and Tewari, Renu},
 title = {Cloud Analytics: Do We Really Need to Reinvent the Storage Stack?},
 booktitle = {Proceedings of the 2009 Conference on Hot Topics in Cloud Computing},
 series = {HotCloud'09},
 year = {2009},
 location = {San Diego, California},
 articleno = {15},
 url = {http://dl.acm.org/citation.cfm?id=1855533.1855548},
 acmid = {1855548},
 publisher = {USENIX Association},
 address = {Berkeley, CA, USA},
}

@inproceedings{Tantisiriroj:2011:DDF:2063384.2063474,
 author = {Tantisiriroj, Wittawat and Son, Seung Woo and Patil, Swapnil and Lang, Samuel J. and Gibson, Garth and Ross, Robert B.},
 title = {On the Duality of Data-intensive File System Design: Reconciling HDFS and PVFS},
 booktitle = {Proceedings of 2011 International Conference for High Performance Computing, Networking, Storage and Analysis},
 series = {SC '11},
 year = {2011},
 isbn = {978-1-4503-0771-0},
 location = {Seattle, Washington},
 pages = {67:1--67:12},
 articleno = {67},
 numpages = {12},
 url = {http://doi.acm.org/10.1145/2063384.2063474},
 doi = {10.1145/2063384.2063474},
 acmid = {2063474},
 publisher = {ACM},
 address = {New York, NY, USA},
 keywords = {HDFS, Hadoop, PVFS, cloud computing, file systems},
}

@inproceedings{Wang:2009:KHG:1645164.1645176,
 author = {Wang, Jianwu and Crawl, Daniel and Altintas, Ilkay},
 title = {Kepler + Hadoop: A General Architecture Facilitating Data-intensive Applications in Scientific Workflow Systems},
 booktitle = {Proceedings of the 4th Workshop on Workflows in Support of Large-Scale Science},
 series = {WORKS '09},
 year = {2009},
 isbn = {978-1-60558-717-2},
 location = {Portland, Oregon},
 pages = {12:1--12:8},
 articleno = {12},
 numpages = {8},
 url = {http://doi.acm.org/10.1145/1645164.1645176},
 doi = {10.1145/1645164.1645176},
 acmid = {1645176},
 publisher = {ACM},
 address = {New York, NY, USA},
 keywords = {Hadoop, Kepler, MapReduce, distributed computing, easy-to-use, parallel computing, scientific workflow},
}

@inproceedings{Xu:2010:IHP:1807167.1807272,
 author = {Xu, Yu and Kostamaa, Pekka and Gao, Like},
 title = {Integrating Hadoop and Parallel DBMs},
 booktitle = {Proceedings of the 2010 ACM SIGMOD International Conference on Management of Data},
 series = {SIGMOD '10},
 year = {2010},
 isbn = {978-1-4503-0032-2},
 location = {Indianapolis, Indiana, USA},
 pages = {969--974},
 numpages = {6},
 url = {http://doi.acm.org/10.1145/1807167.1807272},
 doi = {10.1145/1807167.1807272},
 acmid = {1807272},
 publisher = {ACM},
 address = {New York, NY, USA},
 keywords = {data load, hadoop, mapreduce, parallel computing, parallel dbms, shared nothing},
}

@INPROCEEDINGS{6217451,
author={Ibrahim, S. and Hai Jin and Lu Lu and Bingsheng He and Antoniu, G. and Song Wu},
booktitle={Cluster, Cloud and Grid Computing (CCGrid), 2012 12th IEEE/ACM International Symposium on},
title={Maestro: Replica-Aware Map Scheduling for MapReduce},
year={2012},
pages={435-442},
keywords={cloud computing;probability;scheduling;Hadoop;Maestro;MapReduce;cloud computing;data shuffling stage;data-intensive computing;intermediate data distribution;novel scheduling algorithm;probability;replica-aware map scheduling;Benchmark testing;Distributed databases;Educational institutions;Processor scheduling;Runtime;Schedules;Scheduling;Hadoop;MapReduce;cloud computing;replication;scheduling},
doi={10.1109/CCGrid.2012.122},
month={May},}

@article{Eltabakh:2011:CFD:2002938.2002943,
 author = {Eltabakh, Mohamed Y. and Tian, Yuanyuan and \"{O}zcan, Fatma and Gemulla, Rainer and Krettek, Aljoscha and McPherson, John},
 title = {CoHadoop: Flexible Data Placement and Its Exploitation in Hadoop},
 journal = {Proc. VLDB Endow.},
 issue_date = {June 2011},
 volume = {4},
 number = {9},
 month = jun,
 year = {2011},
 issn = {2150-8097},
 pages = {575--585},
 numpages = {11},
 url = {http://dx.doi.org/10.14778/2002938.2002943},
 doi = {10.14778/2002938.2002943},
 acmid = {2002943},
 publisher = {VLDB Endowment},
}

@article{Porter:2010:DSC:1773912.1773923,
 author = {Porter, George},
 title = {Decoupling Storage and Computation in Hadoop with SuperDataNodes},
 journal = {SIGOPS Oper. Syst. Rev.},
 issue_date = {April 2010},
 volume = {44},
 number = {2},
 month = apr,
 year = {2010},
 issn = {0163-5980},
 pages = {41--46},
 numpages = {6},
 url = {http://doi.acm.org/10.1145/1773912.1773923},
 doi = {10.1145/1773912.1773923},
 acmid = {1773923},
 publisher = {ACM},
 address = {New York, NY, USA},
}

@inproceedings{Ananthanarayanan:2011:SCS:1966445.1966472,
 author = {Ananthanarayanan, Ganesh and Agarwal, Sameer and Kandula, Srikanth and Greenberg, Albert and Stoica, Ion and Harlan, Duke and Harris, Ed},
 title = {Scarlett: Coping with Skewed Content Popularity in Mapreduce Clusters},
 booktitle = {Proceedings of the Sixth Conference on Computer Systems},
 series = {EuroSys '11},
 year = {2011},
 isbn = {978-1-4503-0634-8},
 location = {Salzburg, Austria},
 pages = {287--300},
 numpages = {14},
 url = {http://doi.acm.org/10.1145/1966445.1966472},
 doi = {10.1145/1966445.1966472},
 acmid = {1966472},
 publisher = {ACM},
 address = {New York, NY, USA},
 keywords = {data locality, datacenter storage, fairness, replication},
}

@inproceedings{180733,
 author = {Mihailescu, Madalin and Soundararajan, Gokul and Amza, Cristiana},
 title = {MixApart: Decoupled Analytics for Shared Storage Systems},
 booktitle = {Proceedings of the 4th USENIX Conference on Hot Topics in Storage and File Systems},
 series = {HotStorage'12},
 year = {2012},
 location = {Boston, MA},
 pages = {2--2},
 numpages = {1},
 url = {http://dl.acm.org/citation.cfm?id=2342806.2342808},
 acmid = {2342808},
 publisher = {USENIX Association},
 address = {Berkeley, CA, USA},
}

@INPROCEEDINGS{apache_hadoop,
author={Shvachko, K. and Hairong Kuang and Radia, S. and Chansler, R.},
booktitle={Mass Storage Systems and Technologies (MSST), 2010 IEEE 26th Symposium on},
title={The Hadoop Distributed File System},
year={2010},
pages={1-10},
keywords={Internet;distributed databases;network operating systems;Hadoop distributed file system;Yahoo!;data storage;data stream;enterprise data;Bandwidth;Clustering algorithms;Computer architecture;Concurrent computing;Distributed computing;Facebook;File servers;File systems;Protection;Protocols;HDFS;Hadoop;distributed file system},
doi={10.1109/MSST.2010.5496972},
month={May},}

@inproceedings{cephorig,
 author = {Weil, Sage A. and Brandt, Scott A. and Miller, Ethan L. and Long, Darrell D. E. and Maltzahn, Carlos},
 title = {Ceph: A Scalable, High-performance Distributed File System},
 booktitle = {Proceedings of the 7th Symposium on Operating Systems Design and Implementation},
 series = {OSDI '06},
 year = {2006},
 isbn = {1-931971-47-1},
 location = {Seattle, Washington},
 pages = {307--320},
 numpages = {14},
 url = {http://dl.acm.org/citation.cfm?id=1298455.1298485},
 acmid = {1298485},
 publisher = {USENIX Association},
 address = {Berkeley, CA, USA},
}

@inproceedings{Carns:2000:PPF:1268379.1268407,
 author = {Carns, Philip H. and Ligon,III, Walter B. and Ross, Robert B. and Thakur, Rajeev},
 title = {PVFS: A Parallel File System for Linux Clusters},
 booktitle = {Proceedings of the 4th Annual Linux Showcase \& Conference - Volume 4},
 series = {ALS'00},
 year = {2000},
 location = {Atlanta, Georgia},
 pages = {28--28},
 numpages = {1},
 url = {http://dl.acm.org/citation.cfm?id=1268379.1268407},
 acmid = {1268407},
 publisher = {USENIX Association},
 address = {Berkeley, CA, USA},
}

@ARTICLE{1222722,
author={M. Mesnier and G. R. Ganger and E. Riedel},
journal={IEEE Communications Magazine},
title={Object-based storage},
year={2003},
volume={41},
number={8},
pages={84-90},
keywords={object-oriented methods;peripheral interfaces;storage management;academic research;data sharing;device intelligence;device interface;emerging standard;functionality;industry applications;intelligent storage;object-based storage;security;storage devices;storage interfaces;storage technology;Costs;Data security;Disk drives;File servers;File systems;Multimedia databases;Operating systems;Secure storage;Stability;Storage area networks},
doi={10.1109/MCOM.2003.1222722},
ISSN={0163-6804},
month={Aug},}

@article{Gibson:1998:CHS:291006.291029,
author = {Gibson, Garth A. and Nagle, David F. and Amiri, Khalil and Butler, Jeff and Chang, Fay W. and Gobioff, Howard and Hardin, Charles and Riedel, Erik and Rochberg, David and Zelenka, Jim},
title = {A Cost-effective, High-bandwidth Storage Architecture},
journal = {SIGPLAN Not.},
issue_date = {Nov. 1998},
volume = {33},
number = {11},
month = oct,
year = {1998},
issn = {0362-1340},
pages = {92--103},
numpages = {12},
url = {http://doi.acm.org/10.1145/291006.291029},
doi = {10.1145/291006.291029},
acmid = {291029},
publisher = {ACM},
address = {New York, NY, USA},
}
